<?xml version="1.0" encoding="UTF-8"?><collection xmlns="http://www.loc.gov/MARC21/slim"><record><leader>00369nam--2200133-i-4500</leader><controlfield tag="001">000025006</controlfield><controlfield tag="002">20161230</controlfield><controlfield tag="005">20161230201035</controlfield><controlfield tag="008">060222s1000------------r-----000-0-eng-d</controlfield><datafield ind1=" " ind2=" " tag="080"><subfield code="a">519.6</subfield></datafield><datafield ind1=" " ind2=" " tag="100"><subfield code="a">Bebea, Nicolae</subfield></datafield><datafield ind1=" " ind2=" " tag="245"><subfield code="a">Metode pentru rezolvarea problemelor de optimi zare. aplicatii</subfield></datafield><datafield ind1=" " ind2=" " tag="260"><subfield code="a">Bucuresti, Ed.Didactica Si Pedagogica, 1978 172 P</subfield></datafield><datafield ind1=" " ind2=" " tag="852"><subfield code="a">80707</subfield></datafield></record></collection>